<?xml version="1.0" encoding="UTF-8" ?>
<collection xmlns:xsi="http://www.w3.org/2001/XMLSchema-instance" xsi:schemaLocation="http://www.loc.gov/MARC21/slim http://www.loc.gov/standards/marcxml/schema/MARC21slim.xsd" xmlns="http://www.loc.gov/MARC21/slim">
   <record>
      <leader>     cam a22     I  4500</leader>
      <controlfield tag="001">4855214</controlfield>
      <controlfield tag="003">NIC</controlfield>
      <controlfield tag="005">20140722202154.0</controlfield>
      <controlfield tag="008">851003m19549999ua       b    000 0 ara  </controlfield>
      <datafield tag="010" ind1=" " ind2=" ">
         <subfield code="a">   72203464 </subfield>
      </datafield>
      <datafield tag="035" ind1=" " ind2=" ">
         <subfield code="a">(OCoLC)12629786</subfield>
      </datafield>
      <datafield tag="035" ind1=" " ind2=" ">
         <subfield code="a">4855214</subfield>
      </datafield>
      <datafield tag="040" ind1=" " ind2=" ">
         <subfield code="a">DLC</subfield>
         <subfield code="c">IXA</subfield>
         <subfield code="d">IXA</subfield>
         <subfield code="d">NIC</subfield>
      </datafield>
      <datafield tag="050" ind1=" " ind2=" ">
         <subfield code="a">JC49</subfield>
         <subfield code="b">.B3</subfield>
      </datafield>
      <datafield tag="100" ind1="1" ind2=" ">
         <subfield code="a">Badawī, ʻAbd al-Raḥmān.</subfield>
      </datafield>
      <datafield tag="245" ind1="1" ind2="3">
         <subfield code="a">al-Uṣūl al-Yūnānīyah lil-naẓarīyāt al-siyāsīyah fī al-Islām.</subfield>
         <subfield code="c">Ḥaqqaqahu wa-qaddama lahu ʻAbd al-Raḥmān Badawī.</subfield>
      </datafield>
      <datafield tag="260" ind1=" " ind2=" ">
         <subfield code="a">al-Qāhirah :</subfield>
         <subfield code="b">Maktabat al-Nahḍah al-Miṣrīyah,</subfield>
         <subfield code="c">1954-</subfield>
      </datafield>
      <datafield tag="300" ind1=" " ind2=" ">
         <subfield code="a">v.</subfield>
         <subfield code="c">25 cm.</subfield>
      </datafield>
      <datafield tag="490" ind1="1" ind2=" ">
         <subfield code="a">Dirāsāt Islāmīyah ;</subfield>
         <subfield code="v">15</subfield>
      </datafield>
      <datafield tag="500" ind1=" " ind2=" ">
         <subfield code="a">Added t. p.: Fontes Graecae doctrinarum politicarum Islamicarum. Edidit et prolegomenis instruxit ʻAbdurraḥmān Badawi.</subfield>
      </datafield>
      <datafield tag="504" ind1=" " ind2=" ">
         <subfield code="a">Bibliographical footnotes.</subfield>
      </datafield>
      <datafield tag="650" ind1=" " ind2="0">
         <subfield code="a">Political science</subfield>
         <subfield code="z">Islamic Empire</subfield>
         <subfield code="x">History.</subfield>
      </datafield>
      <datafield tag="650" ind1=" " ind2="0">
         <subfield code="a">Islamic philosophy</subfield>
         <subfield code="x">Greek influences.</subfield>
      </datafield>
      <datafield tag="650" ind1=" " ind2="0">
         <subfield code="a">Philosophy, Ancient.</subfield>
      </datafield>
      <datafield tag="800" ind1=" " ind2="0">
         <subfield code="a">Badawī, ʻAbd al-Raḥmān.</subfield>
         <subfield code="t">Dirāsāt Islāmīyah ;</subfield>
         <subfield code="v">15.</subfield>
      </datafield>
      <datafield tag="948" ind1="2" ind2=" ">
         <subfield code="a">20031001</subfield>
         <subfield code="b">x</subfield>
         <subfield code="d">batch</subfield>
         <subfield code="e">lts</subfield>
      </datafield>
      <datafield tag="948" ind1="3" ind2=" ">
         <subfield code="a">20031001</subfield>
         <subfield code="h">recon2</subfield>
         <subfield code="i">edx.mars.coo.ftp.V03M09.CC.bib</subfield>
      </datafield>
      <datafield tag="903" ind1=" " ind2=" ">
         <subfield code="a">NYUACO</subfield>
         <subfield code="d">20141028</subfield>
         <subfield code="p">31924030429579</subfield>
      </datafield>
      <datafield tag="950" ind1=" " ind2=" ">
         <subfield code="a">JC49</subfield>
         <subfield code="b">.B13</subfield>
         <subfield code="v">v.1 </subfield>
      </datafield>
   </record>
</collection>
